<record xmlns="http://www.loc.gov/MARC21/slim" xmlns:xsi="http://www.w3.org/2001/XMLSchema-instance" xsi:schemaLocation="http://www.loc.gov/MARC21/slim http://www.loc.gov/standards/marcxml/schema/MARC21slim.xsd">

  <leader>00700nam a2200181Ia 4500</leader>
  <datafield ind1=" " ind2=" " tag="999">
    <subfield code="c">2182</subfield>
    <subfield code="d">2182</subfield>
  </datafield>
  <controlfield tag="008">180712b2006    cr ||||| |||| 00| | spa d</controlfield>
  <datafield ind1=" " ind2=" " tag="090">
    <subfield code="a">15.04.01 </subfield>
    <subfield code="b">1632</subfield>
  </datafield>
  <datafield ind1=" " ind2=" " tag="110">
    <subfield code="a">Universidad de Costa Rica. Rectoría</subfield>
    <subfield code="9">2480</subfield>
  </datafield>
  <datafield tag="245" ind2="0" ind1="1">
    <subfield code="a">Foro hacia un enfoque integral de las políticas públicas de salud en la Costa Rica del Siglo XXI: Memoria / </subfield>
    <subfield code="c">Universidad de Costa Rica, Rectoría</subfield>
  </datafield>
  <datafield ind1=" " ind2=" " tag="260">
    <subfield code="a">San José, Costa  Rica : </subfield>
    <subfield code="b">SIEDIN, UCR, </subfield>
    <subfield code="c">2006</subfield>
  </datafield>
  <datafield ind1=" " ind2=" " tag="300">
    <subfield code="a">133 páginas</subfield>
  </datafield>
  <datafield ind2=" " ind1=" " tag="500">
    <subfield code="a">Ciudad de la Investigación, 3 y 4 de octubre de  2006</subfield>
  </datafield>
  <datafield tag="650" ind2="4" ind1="1">
    <subfield code="a">SALUD PÚBLICA</subfield>
    <subfield code="9">444</subfield>
  </datafield>
  <datafield ind1="1" ind2="4" tag="650">
    <subfield code="a">POLÍTICA GUBERNAMENTAL</subfield>
    <subfield code="9">958</subfield>
  </datafield>
  <datafield ind2="4" ind1="1" tag="650">
    <subfield code="a">SEGURIDAD SOCIAL</subfield>
    <subfield code="9">2791</subfield>
  </datafield>
  <datafield ind1="1" ind2="4" tag="650">
    <subfield code="a">CONFERENCIA</subfield>
    <subfield code="9">506</subfield>
  </datafield>
  <datafield ind1=" " ind2=" " tag="942">
    <subfield code="2">z</subfield>
    <subfield code="c">01</subfield>
  </datafield>
</record>